@online{CetaxDeal,
  author={Cetax},
  title={Data Mining: o que é, conceito e definição},
  url={https://www.cetax.com.br/blog/data-mining/},
  year=2017,
  urldate = {2019-03-28}
}

@online{ComputerWorld,
    author={G., Ronaldo and B., Eduardo},
    title={Exemplos de aplicações de data mining no mercado brasileiro},
    url={https://computerworld.com.br/2016/06/27/exemplos-de-aplicacoes-de-data-mining-no-mercado-brasileiro/},
    year= 2016,
    urldate={2019-03-28}
}

@article{ReviewlArticle,
    author={K., Surender and K., Kanwaldip},
    title={Review of Data mining (Knowledge discovery) in the Future},
    year=2016
}

@online{Techopedia,
    author={Techopedia},
    title={Descoberta de conhecimento em bancos de dados (KDD)},
    url={https://www.techopedia.com/definition/25827/knowledge-discovery-in-databases-kdd},
    year=2019
}

@online{Kmol,
    author={N., Ana},
    title={Conhecimento tácito, explícito e implícito},
    url={https://kmol.pt/blog/2003/05/01/conhecimento-tacito-explicito-e-implicito/},
    year=2003
}

@online{IgtiBlog,
    author={C., Josemar Alves},
    title={Por que estudar preparação de dados?},
    url={http://igti.com.br/blog/por-que-estudar-preparacao-de-dados/},
    year=2018
}

@online{T4,
    author={R., Fzal Shamil},
    title={Attributes types in data mining},
    url={https://t4tutorials.com/attributes-types-in-data-mining/},
    year=2016
}

@online{Livia,
    author={M., Lívia},
    title={Mineração de dados},
    year=2019
}

